@article{Tschandl_2018,
	doi = {10.1038/sdata.2018.161},
  
	url = {https://doi.org/10.1038%2Fsdata.2018.161},
  
	year = 2018,
	month = {aug},
  
	publisher = {Springer Science and Business Media {LLC}
},
  
	volume = {5},
  
	number = {1},
  
	author = {Philipp Tschandl and Cliff Rosendahl and Harald Kittler},
  
	title = {The {HAM}10000 dataset, a large collection of multi-source dermatoscopic images of common pigmented skin lesions},
  
	journal = {Scientific Data}
}

@article{Towards_Explainable_Classifiers_Using_the_Counterfactual_Approach_2019,
  author  = {Mikołajczyk, Agnieszka and Grochowski, Michał and Kwasigroch, Arkadiusz},
  year    = {2021},
  month   = {01},
  pages   = {51-67},
  title   = {Towards Explainable Classifiers Using the Counterfactual Approach - Global Explanations for Discovering Bias in Data},
  volume  = {11},
  journal = {Journal of Artificial Intelligence and Soft Computing Research},
  doi     = {10.2478/jaiscr-2021-0004}
}

@article{DeConstructing_Bias_on_Skin_Lesion_Datasets_2019,
  author    = {Alceu Bissoto and
               Michel Fornaciali and
               Eduardo Valle and
               Sandra Avila},
  title     = {(De)Constructing Bias on Skin Lesion Datasets},
  journal   = {CoRR},
  volume    = {abs/1904.08818},
  year      = {2019},
  url       = {http://arxiv.org/abs/1904.08818},
  eprinttype = {arXiv},
  eprint    = {1904.08818},
  timestamp = {Fri, 26 Apr 2019 13:18:53 +0200},
  biburl    = {https://dblp.org/rec/journals/corr/abs-1904-08818.bib},
  bibsource = {dblp computer science bibliography, https://dblp.org}
}

